\begin{thebibliography}{8}
\bibitem{fit_cerchio} inserire fit cerchio
\end{thebibliography}